<?xml version="1.0" encoding="UTF-8"?><collection xmlns="http://www.loc.gov/MARC21/slim"><record><leader>00478nam--2200157-i-4500</leader><controlfield tag="001">000011371</controlfield><controlfield tag="002">20161230</controlfield><controlfield tag="005">20161230201029</controlfield><controlfield tag="008">060222s1000------------r-----000-0-eng-d</controlfield><datafield ind1=" " ind2=" " tag="080"><subfield code="a">621.372</subfield></datafield><datafield ind1=" " ind2=" " tag="100"><subfield code="a">Anderson, Brian D.O., Vangpanitlerd, Sumeth</subfield></datafield><datafield ind1=" " ind2=" " tag="245"><subfield code="a">Network analysis and synthesis. a modern systems theory approach</subfield></datafield><datafield ind1=" " ind2=" " tag="260"><subfield code="a">Englewood Cliffs, Prentice-hall, Inc., 1973 Xi + 548 P</subfield></datafield><datafield ind1=" " ind2=" " tag="490"><subfield code="a">Prentice-hall Networks Series</subfield></datafield><datafield ind1=" " ind2=" " tag="700"><subfield code="a">Robert W</subfield></datafield><datafield ind1=" " ind2=" " tag="852"><subfield code="a">42214</subfield></datafield></record></collection>